@ARTICLE{BensonIyengarKrause:2008:LocalCohomologyAndSupportForTriangulatedCategories,
  AUTHOR       = {Benson, Dave and Iyengar, Srikanth B. and Krause, Henning},
  ISSN         = {0012-9593},
  JOURNALTITLE = {Annales Scientifiques de l'École Normale Supérieure},
  MRCLASS      = {18E30 (13D45 16E30 20J05)},
  MRNUMBER     = {2489634 (2009k:18012)},
  MRREVIEWER   = {Apostolos D. Beligiannis},
  NUMBER       = {4},
  PAGES        = {573--619},
  SERIES       = {Quatrième Série},
  SHORTJOURNAL = {Ann. Sci. Éc. Norm. Supér.},
  SHORTSERIES  = {(4)},
  TITLE        = {Local cohomology and support for triangulated categories},
  VOLUME       = {41},
  YEAR         = {2008},
}

@ARTICLE{ArinkinBezrukavnikov:2010:PerverseCoherentSheaves,
  AUTHOR       = {Arinkin, Dmitry and Bezrukavnikov, Roman},
  ISSN         = {1609-3321},
  JOURNALTITLE = {Moscow Mathematical Journal},
  MRCLASS      = {14F05 (14A20 14D23 18E30 18F20)},
  MRNUMBER     = {2668828 (2011g:14040)},
  MRREVIEWER   = {Antony Maciocia},
  NUMBER       = {1},
  PAGES        = {3--29, 271},
  SHORTJOURNAL = {Mosc. Math. J.},
  TITLE        = {Perverse coherent sheaves},
  VOLUME       = {10},
  YEAR         = {2010},
}

@ARTICLE{Kashiwara:2004:tStructureOnHolonomicDModuleCoherentOModules,
  AUTHOR       = {Masaki Kashiwara},
  JOURNALTITLE = {Moscow Mathematical Journal},
  NUMBER       = {4},
  PAGES        = {847-868},
  TITLE        = {$t$-structures on the derived categories of holonomic $\sheaf{D}$-modules and coherent $\sheaf{O}$-modules},
  URL          = {http://mi.mathnet.ru/eng/mmj173},
  VOLUME       = {4},
  YEAR         = {2004},
}

@INCOLLECTION{Gabber:2004:NotesOnSomeTStructures,
  AUTHOR     = {Gabber, Ofer},
  BOOKTITLE  = {Geometric aspects of {D}work theory. {V}ol. {I}, {II}},
  MRCLASS    = {14F05 (14F43)},
  MRNUMBER   = {2099084 (2005m:14025)},
  MRREVIEWER = {Maurizio Cailotto},
  PAGES      = {711--734},
  PUBLISHER  = {Walter de Gruyter GmbH \& Co. KG, Berlin},
  TITLE      = {Notes on some {$t$}-structures},
  YEAR       = {2004},
}

@INCOLLECTION{Bridgeland:2006:DerivedCategoriesOfCoherentSheaves,
  AUTHOR     = {Bridgeland, Tom},
  BOOKTITLE  = {International {C}ongress of {M}athematicians. {V}ol. {II}},
  MRCLASS    = {14F05 (14J32 18E30)},
  MRNUMBER   = {2275610 (2007m:14018)},
  MRREVIEWER = {Paolo Stellari},
  PAGES      = {563--582},
  PUBLISHER  = {Eur. Math. Soc., Zürich},
  TITLE      = {Derived categories of coherent sheaves},
  YEAR       = {2006},
}

@ARTICLE{ArinkinGaitsgory:2015:SingularSupport,
  AUTHOR       = {Arinkin, Dima and Gaitsgory, Dennis},
  DOI          = {10.1007/s00029-014-0167-5},
  ISSN         = {1022-1824},
  JOURNALTITLE = {Selecta Mathematica. New Series},
  MRCLASS      = {14F05 (14H60)},
  MRNUMBER     = {3300415},
  NUMBER       = {1},
  PAGES        = {1--199},
  SHORTJOURNAL = {Selecta Math. (N.S.)},
  TITLE        = {Singular support of coherent sheaves and the geometric {L}anglands conjecture},
  VOLUME       = {21},
  YEAR         = {2015},
}

@BOOK{KashiwaraSchapira:1994:SheavesOnManifolds,
  AUTHOR    = {Kashiwara, Masaki and Schapira, Pierre},
  ISBN      = {3-540-51861-4},
  LOCATION  = {Berlin},
  MRCLASS   = {58G07 (18F20 32C38 35A27)},
  MRNUMBER  = {1299726 (95g:58222)},
  NOTE      = {With a chapter in French by Christian Houzel, Corrected reprint of the 1990 original},
  NUMBER    = {292},
  PAGETOTAL = {x+512},
  PUBLISHER = {Springer-Verlag},
  SERIES    = {Grundlehren der Mathematischen Wissenschaften},
  TITLE     = {Sheaves on manifolds},
  YEAR      = {1994},
}

@ARTICLE{ArinkinBezrukavnikov:arXiv:PerverseCoherentSheaves,
  AUTHOR       = {{Arinkin}, Dmitry and {Bezrukavnikov}, Roman},
  EPRINT       = {0902.0349},
  EPRINTCLASS  = {math.AG},
  EPRINTTYPE   = {arXiv},
  JOURNALTITLE = {ArXiv e-prints},
  KEYWORDS     = {Mathematics - Algebraic Geometry, Mathematics - Representation Theory},
  MONTH        = {02},
  TITLE        = {{Perverse coherent sheaves}},
  YEAR         = {2009},
}

@INCOLLECTION{BeilinsonBernsteinDeligne:1982:FaisceauxPervers,
  AUTHOR     = {Beilinson, Alexander A. and Bernstein, Joseph and Deligne, Pierre},
  BOOKTITLE  = {Analysis and topology on singular spaces, {I} ({L}uminy, 1981)},
  IDS        = {BBD},
  LOCATION   = {Paris},
  MRCLASS    = {32C38},
  MRNUMBER   = {751966 (86g:32015)},
  MRREVIEWER = {Zoghman Mebkhout},
  NUMBER     = {100},
  PAGES      = {5--171},
  PUBLISHER  = {Soc. Math. France},
  SERIES     = {Astérisque},
  TITLE      = {Faisceaux pervers},
  YEAR       = {1982},
}

@ARTICLE{Bezrukavnikov:2003:QuasiExceptionalSets,
  AUTHOR       = {Bezrukavnikov, Roman},
  DOI          = {10.1090/S1088-4165-03-00158-4},
  ISSN         = {1088-4165},
  JOURNALTITLE = {Representation Theory. An Electronic Journal of the American Mathematical Society},
  MRCLASS      = {17B10 (18E30 20G05)},
  MRNUMBER     = {1973365 (2004c:17010)},
  MRREVIEWER   = {Dmitriy A. Rumynin},
  PAGES        = {1--18 (electronic)},
  SHORTJOURNAL = {Represent. Theory},
  TITLE        = {Quasi-exceptional sets and equivariant coherent sheaves on the nilpotent cone},
  VOLUME       = {7},
  YEAR         = {2003},
}

@ARTICLE{Jin:arXiv:HolomorphicLagrangianBranesCorrespondToPerverseSheaves,
  AUTHOR       = {{Jin}, Xin},
  EPRINT       = {1311.3756},
  EPRINTCLASS  = {math.SG},
  EPRINTTYPE   = {arXiv},
  JOURNALTITLE = {ArXiv e-prints},
  KEYWORDS     = {Mathematics - Symplectic Geometry, Mathematics - Geometric Topology, Mathematics - Representation Theory},
  MONTH        = {11},
  TITLE        = {{Holomorphic Lagrangian branes correspond to perverse sheaves}},
  YEAR         = {2013},
}

@BOOK{Hartshorne:1966:ResiduesAndDuality,
  AUTHOR    = {Hartshorne, Robin},
  LOCATION  = {Berlin},
  NUMBER    = {20},
  PAGETOTAL = {vii+423},
  PUBLISHER = {Springer-Verlag},
  SERIES    = {Lecture Notes in Mathematics},
  TITLE     = {Residues and Duality},
  YEAR      = {1966},
}

@BOOK{SGA2,
  AUTHOR     = {Grothendieck, Alexander and Raynaud, Michele},
  EDITOR     = {Yves Laszlo},
  EPRINT     = {math/0511279},
  EPRINTTYPE = {arXiv},
  ISBN       = {2-85629-169-4},
  LOCATION   = {Paris},
  MRCLASS    = {14B15 (14C20 14F20)},
  MRNUMBER   = {2171939 (2006f:14004)},
  NOTE       = {S{é}minaire de G{é}om{é}trie Alg{é}brique du Bois Marie, 1962. Augment{é} d'un expos{é} de Mich{è}le Raynaud. Revised reprint of the 1968 French original},
  NUMBER     = {4},
  ORIGYEAR   = {1968},
  PAGETOTAL  = {x+208},
  PUBLISHER  = {Société Mathématique de France},
  SERIES     = {Documents Mathématiques (Paris)},
  SHORTHAND  = {SGA2},
  TITLE      = {Cohomologie locale des faisceaux cohérents et théorèmes de {L}efschetz locaux et globaux ({SGA} 2)},
  YEAR       = {2005},
}

@ARTICLE{Bezrukavnikov:arXiv:PerverseCoherentSheaves,
  AUTHOR       = {{Bezrukavnikov}, Roman},
  EPRINT       = {math/0005152},
  EPRINTTYPE   = {arXiv},
  JOURNALTITLE = {ArXiv e-prints},
  KEYWORDS     = {Mathematics - Algebraic Geometry, Mathematics - Geometric Topology, Mathematics - Representation Theory},
  MONTH        = {05},
  TITLE        = {{Perverse coherent sheaves (after Deligne)}},
  YEAR         = {2000},
}

@ARTICLE{BezrukavnikovMircovic:2013:RepresentationsOfSSLieAlgebrasInPrimeCharAndNoncommutativeSpringerResolution,
  AUTHOR       = {Bezrukavnikov, Roman and Mirkovi{ć}, Ivan},
  DOI          = {10.4007/annals.2013.178.3.2},
  ISSN         = {0003-486X},
  JOURNALTITLE = {Annals of Mathematics. Second Series},
  MRCLASS      = {17B50 (14F05 14L35 17B10)},
  MRNUMBER     = {3092472},
  NUMBER       = {3},
  PAGES        = {835--919},
  SHORTJOURNAL = {Ann. of Math. (2)},
  TITLE        = {Representations of semisimple {L}ie algebras in prime characteristic and the noncommutative {S}pringer resolution},
  VOLUME       = {178},
  YEAR         = {2013},
}

@ARTICLE{Achar:arXiv:NotesOnExoticAndPerverseCoherentSheaves,
  AUTHOR       = {{Achar}, Pramod N.},
  EPRINT       = {1409.7346},
  EPRINTCLASS  = {math.RT},
  EPRINTTYPE   = {arXiv},
  JOURNALTITLE = {ArXiv e-prints},
  KEYWORDS     = {Mathematics - Representation Theory},
  MONTH        = {09},
  TITLE        = {{Notes on exotic and perverse-coherent sheaves}},
  YEAR         = {2014},
}

@BOOK{BrodmannSharp:1998:LocalCohomology,
  AUTHOR      = {Brodmann, M. P. and Sharp, R. Y.},
  DOI         = {10.1017/CBO9780511629204},
  ISBN        = {0-521-37286-0},
  LOCATION    = {Cambridge},
  MRCLASS     = {13D45 (14B15)},
  MRNUMBER    = {1613627 (99h:13020)},
  MRREVIEWER  = {L{ê} Tu{â}n Hoa},
  NUMBER      = {60},
  PUBLISHER   = {Cambridge University Press},
  SERIES      = {Cambridge Studies in Advanced Mathematics},
  TITLE       = {Local cohomology: an algebraic introduction with geometric applications},
  TOTOALPAGES = {xvi+416},
  YEAR        = {1998},
}

@ARTICLE{DrinfeldGaitsgory:2013:FinitenessQuestions,
  AUTHOR       = {Drinfeld, Vladimir and Gaitsgory, Dennis},
  CODEN        = {GFANFB},
  DOI          = {10.1007/s00039-012-0204-5},
  ISSN         = {1016-443X},
  JOURNALTITLE = {Geometric and Functional Analysis},
  MRCLASS      = {14A20 (14F05 14F10 18Dxx)},
  MRNUMBER     = {3037900},
  MRREVIEWER   = {Pawel Sosna},
  NUMBER       = {1},
  PAGES        = {149--294},
  SHORTJOURNAL = {Geom. Funct. Anal.},
  TITLE        = {On some finiteness questions for algebraic stacks},
  VOLUME       = {23},
  YEAR         = {2013},
}

@INCOLLECTION{Keller:2006:OnDGCategories,
  AUTHOR     = {Keller, Bernhard},
  BOOKTITLE  = {International {C}ongress of {M}athematicians. {V}ol. {II}},
  MRCLASS    = {18E30 (14A22 16D90)},
  MRNUMBER   = {2275593 (2008g:18015)},
  MRREVIEWER = {Volodymyr V. Lyubashenko},
  PAGES      = {151--190},
  PUBLISHER  = {Eur. Math. Soc., Zürich},
  TITLE      = {On differential graded categories},
  YEAR       = {2006},
}

@BOOK{Lurie:2009:HigherToposTheory,
  AUTHOR     = {Lurie, Jacob},
  ISBN       = {978-0-691-14049-0; 0-691-14049-9},
  LOCATION   = {Princeton, NJ},
  MRCLASS    = {18-02 (18B25 18E35 18G30 18G55 55U40)},
  MRNUMBER   = {2522659 (2010j:18001)},
  MRREVIEWER = {Mark Hovey},
  NUMBER     = {170},
  PAGETOTAL  = {xviii+925},
  PUBLISHER  = {Princeton University Press},
  SERIES     = {Annals of Mathematics Studies},
  TITLE      = {Higher topos theory},
  YEAR       = {2009},
}

@BOOK{Lurie:2014-draft:HigherAlgebra,
  AUTHOR = {Jacob Lurie},
  DATE   = {2014-09-14},
  TITLE  = {Higher Algebra},
  URL    = {http://www.math.harvard.edu/~lurie/},
}

@ARTICLE{Cohn:arXiv:DGCategoriesAreStableInfinityCategories,
  AUTHOR       = {{Cohn}, Lee},
  EPRINT       = {1308.2587},
  EPRINTCLASS  = {math.AT},
  EPRINTTYPE   = {arXiv},
  JOURNALTITLE = {ArXiv e-prints},
  KEYWORDS     = {Mathematics - Algebraic Topology, Mathematics - Category Theory},
  MONTH        = {08},
  TITLE        = {{Differential Graded Categories are k-linear Stable Infinity Categories}},
  YEAR         = {2013},
}

@ARTICLE{Faonte:arXiv:SimplicialNerveOfAnAinfinityCategory,
  AUTHOR       = {{Faonte}, Giovanni},
  EPRINT       = {1312.2127},
  EPRINTCLASS  = {math.AT},
  EPRINTTYPE   = {arXiv},
  JOURNALTITLE = {ArXiv e-prints},
  KEYWORDS     = {Mathematics - Algebraic Topology, Mathematics - Category Theory},
  MONTH        = {12},
  TITLE        = {{Simplicial nerve of an A-infinity category}},
  YEAR         = {2013},
}

@UNPUBLISHED{BeilinsonDrifeld:unpublished:Hitchin,
  AUTHOR = {Beilinson, Alexander and Drinfeld, Vladimir},
  TITLE  = {Quantization of {H}itchin's integrable system and {H}ecke eigensheaves},
  URL    = {http://www.math.uchicago.edu/~mitya/langlands/hitchin/BD-hitchin.pdf},
}

@ARTICLE{GaitsgoryRozenblyum:2014:CrystalsAndDModules,
  AUTHOR       = {Gaitsgory, Dennis and Rozenblyum, Nick},
  DOI          = {10.4310/PAMQ.2014.v10.n1.a2},
  ISSN         = {1558-8599},
  JOURNALTITLE = {Pure and Applied Mathematics Quarterly},
  MRCLASS      = {14F05 (14F10)},
  MRNUMBER     = {3264953},
  NUMBER       = {1},
  PAGES        = {57--154},
  SHORTJOURNAL = {Pure Appl. Math. Q.},
  TITLE        = {Crystals and {D}-modules},
  VOLUME       = {10},
  YEAR         = {2014},
}

@BOOK{GaitsgoryRozenblyum:prelim:StudyInDAG,
  AUTHOR = {Gaitsgory, Dennis and Rozenblyum, Nick},
  NOTE   = {Preliminary version},
  TITLE  = {A study in derived algebraic geometry},
}

@ARTICLE{FrancisGaitsgory:2012:ChiralKoszulDuality,
  AUTHOR       = {Francis, John and Gaitsgory, Dennis},
  CODEN        = {SMATF6},
  DOI          = {10.1007/s00029-011-0065-z},
  ISSN         = {1022-1824},
  JOURNALTITLE = {Selecta Mathematica. New Series},
  MRCLASS      = {14F10 (14F05 14H81 17B55 18D10 18D50)},
  MRNUMBER     = {2891861},
  MRREVIEWER   = {Benoı̂t Fresse},
  NUMBER       = {1},
  PAGES        = {27--87},
  SHORTJOURNAL = {Selecta Math. (N.S.)},
  TITLE        = {Chiral {K}oszul duality},
  VOLUME       = {18},
  YEAR         = {2012},
}

@MISC{Braverman:LecturesOnAlgebraicDmodules,
  AUTHOR = {Alexander Braverman},
  TITLE  = {Lectures on algebraic $D$-modules},
  URL    = {http://www.math.harvard.edu/~gaitsgde/grad_2009/Dmod_brav.pdf},
}

@ARTICLE{DrinfeldGaitsgory:2014:OnATheoremOfBraden,
  AUTHOR       = {Drinfeld, Vladimir and Gaitsgory, Dennis},
  DOI          = {10.1007/s00031-014-9267-8},
  ISSN         = {1083-4362},
  JOURNALTITLE = {Transformation Groups},
  MRCLASS      = {14F10},
  MRNUMBER     = {3200429},
  NUMBER       = {2},
  PAGES        = {313--358},
  SHORTJOURNAL = {Transform. Groups},
  TITLE        = {On a theorem of {B}raden},
  VOLUME       = {19},
  YEAR         = {2014},
}

@ARTICLE{BenZviNadler:arXiv:NonlinearTraces,
  AUTHOR       = {{Ben-Zvi}, David and {Nadler}, David},
  EPRINT       = {1305.7175},
  EPRINTCLASS  = {math.AG},
  EPRINTTYPE   = {arXiv},
  JOURNALTITLE = {ArXiv e-prints},
  KEYWORDS     = {Mathematics - Algebraic Geometry, Mathematics - Category Theory, Mathematics - Quantum Algebra, Mathematics - Representation Theory},
  MONTH        = {05},
  TITLE        = {{Nonlinear Traces}},
  YEAR         = {2013},
}

@ONLINE{BenZvi:mathoverflow:CohomologyOfGmodG,
  AUTHOR       = {David Ben-Zvi},
  DATE         = {2010-04-09},
  ORGANIZATION = {MathOverflow},
  TITLE        = {What is the equivariant cohomology of a group acting on itself by conjugation?},
  URL          = {http://mathoverflow.net/a/20849},
  URLDATE      = {2015-04-27},
}

@ARTICLE{BravermanGaitsgory:2002:GeometricEisensteinSeries,
  AUTHOR       = {Braverman, Alexander and Gaitsgory, Dennis},
  CODEN        = {INVMBH},
  DOI          = {10.1007/s00222-002-0237-8},
  ISSN         = {0020-9910},
  JOURNALTITLE = {Inventiones Mathematicae},
  MRCLASS      = {11G45 (11F60 14F43)},
  MRNUMBER     = {1933587 (2003k:11109)},
  MRREVIEWER   = {Igor Yu. Potemine},
  NUMBER       = {2},
  PAGES        = {287--384},
  SHORTJOURNAL = {Invent. Math.},
  TITLE        = {Geometric {E}isenstein series},
  VOLUME       = {150},
  YEAR         = {2002},
}

